@misc{lantiv,
    AUTHOR = {Lantiv},
    TITLE = {Getting Started},
    howpublished = {\textit{Disponible en \url{http://wiki.schedulingstudio.com/wiki7/index.php?title=Studio-Getting\_Started&useskin=lantiv75}}},
    note = {Consultado el 11/09/2016}
}

@misc{mimosa,
    AUTHOR = {Mimosa},
    TITLE = {Product Page},
    howpublished = {\textit{Disponible en \url{http://www.mimosasoftware.com/mimosa.html}}},
    note = {Consultado el 11/09/2016}
}

@misc{timetabler,
    AUTHOR = {Timetabler},
    TITLE = {4 steps using TimeTabler},
    howpublished = {\textit{Disponible en \url{http://www.timetabler.com/images/Video-4-Steps-in-TimeTabler.html}}},
    note = {Consultado el 12/09/2016}
}

@misc{plan,
    AUTHOR = {adamcik},
    TITLE = {Plan, a timetable generator for NTNU students},
    howpublished = {\textit{Disponible en \url{https://github.com/adamcik/plan}}},
    note = {Consultado el 21/09/2016}
}

@misc{timetableGenerator,
    AUTHOR = {zeus9},
    TITLE = {Timetable Generator. Generates a timetable for my university using a genetic algorithm.},
    howpublished = {\textit{Disponible en \url{https://github.com/zeus9/timetable_generator}}},
    note = {Consultado el 21/09/2016}
}

@misc{unitime,
    AUTHOR = {Apereo Foundation y otros},
    TITLE = {University Timetabling. Comprehensive Academic Scheduling Solutions},
    howpublished = {\textit{Disponible en \url{https://github.com/UniTime}}},
    note = {Consultado el 21/09/2016}
}